%% This BibTeX bibliography file was created using BibDesk.
%% http://bibdesk.sourceforge.net/


%% Created for qiuxinxin at 2016-03-31 05:29:28 +0800 


%% Saved with string encoding Unicode (UTF-8) 



@inproceedings{jalba2003automatic,
  title={Automatic segmentation of diatom images},
  author={Jalba, Andrei C and Roerdink, Jos BTM},
  booktitle={Computer Analysis of Images and Patterns},
  pages={329--336},
  year={2003},
  organization={Springer}
}
@article{jalba2004automatic,
  title={Automatic segmentation of diatom images for classification},
  author={Jalba, Andrei C and Wilkinson, Michael HF and Roerdink, Jos BTM},
  journal={Microscopy research and technique},
  volume={65},
  number={1-2},
  pages={72--85},
  year={2004},
  publisher={Wiley Online Library}
}
@article{rodenacker2006automatic,
  title={Automatic analysis of aqueous specimens for phytoplankton structure recognition and population estimation},
  author={Rodenacker, Karsten and Hense, Burkhard and J{\"u}tting, Uta and Gais, Peter},
  journal={Microscopy research and technique},
  volume={69},
  number={9},
  pages={708--720},
  year={2006},
  publisher={Wiley Online Library}
}
@inproceedings{blaschko2005automatic,
  title={Automatic in situ identification of plankton},
  author={Blaschko, Matthew B and Holness, Gary and Mattar, Marwan A and Lisin, Dimitri and Utgoff, Paul E and Hanson, Allen R and Schultz, Howard and Riseman, Edward M},
  booktitle={Application of Computer Vision, 2005. WACV/MOTIONS'05 Volume 1. Seventh IEEE Workshops on},
  volume={1},
  pages={79--86},
  year={2005},
  organization={IEEE}
}
@article{sosik2007automated,
  title={Automated taxonomic classification of phytoplankton sampled with imaging-in-flow cytometry},
  author={Sosik, Heidi M and Olson, Robert J},
  journal={Limnol. Oceanogr. Methods},
  volume={5},
  number={204},
  pages={e216},
  year={2007}
}
@article{luo2011automatic,
  title={Automatic identification of diatoms with circular shape using texture analysis},
  author={Luo, Qiaoqi and Gao, Yahui and Luo, Jinfei and Chen, Changping and Liang, Junrong and Yang, Chenhui},
  journal={Journal of Software},
  volume={6},
  number={3},
  pages={428--435},
  year={2011}
}
@article{verikas2012phase,
  title={Phase congruency-based detection of circular objects applied to analysis of phytoplankton images},
  author={Verikas, Antanas and Gelzinis, Adas and Bacauskiene, Marija and Olenina, Irina and Olenin, Sergej and Vaiciukynas, Evaldas},
  journal={Pattern Recognition},
  volume={45},
  number={4},
  pages={1659--1670},
  year={2012},
  publisher={Elsevier}
}
@inproceedings{soh2008segmentation,
  title={Segmentation of Plankton Images by Mean Shift Clustering and Graph-based Cluster Merging},
  author={Soh, Youngsung and Dong, Wentao and Lee, Hyunsoo and Schultz, Howard and Hanson, Allen and Soh, Heesoo},
  booktitle={SCIS \& ISIS},
  volume={2008},
  number={0},
  pages={1149--1153},
  year={2008},
  organization={Japan Society for Fuzzy Theory and Intelligent Informatics}
}
@inproceedings{cuiping2010system,
  title={A system for identification of marine phytoplankton},
  author={Cuiping, Su and Chenhui, Yang and Huizhen, Lin and Lin, Kang},
  booktitle={Signal Processing Systems (ICSPS), 2010 2nd International Conference on},
  volume={3},
  pages={V3--426},
  year={2010},
  organization={IEEE}
}
@article{kloster2014sherpa,
  title={SHERPA: an image segmentation and outline feature extraction tool for diatoms and other objects},
  author={Kloster, Michael and Kauer, Gerhard and Beszteri, B{\'a}nk},
  journal={BMC bioinformatics},
  volume={15},
  number={1},
  pages={1},
  year={2014},
  publisher={BioMed Central}
}
@article{otsu1975threshold,
  title={A threshold selection method from gray-level histograms},
  author={Otsu, Nobuyuki},
  journal={Automatica},
  volume={11},
  number={285-296},
  pages={23--27},
  year={1975}
}
@article{canny1986computational,
  title={A computational approach to edge detection},
  author={Canny, John},
  journal={Pattern Analysis and Machine Intelligence, IEEE Transactions on},
  number={6},
  pages={679--698},
  year={1986},
  publisher={IEEE}
}
@article{etan2006robust,
  title={Robust Automatic Threshold Selection},
  author={etan Lehmann, Ga},
  year={2006}
}
@book{bradski2008learning,
  title={Learning OpenCV: Computer vision with the OpenCV library},
  author={Bradski, Gary and Kaehler, Adrian},
  year={2008},
  publisher={" O'Reilly Media, Inc."}
}
@article{gelzinis2015novel,
  title={A novel technique to extract accurate cell contours applied for segmentation of phytoplankton images},
  author={Gelzinis, Adas and Verikas, Antanas and Vaiciukynas, Evaldas and Bacauskiene, Marija},
  journal={Machine Vision and Applications},
  volume={26},
  number={2-3},
  pages={305--315},
  year={2015},
  publisher={Springer}
}
@article{zheng2014automatic,
  title={Automatic setae segmentation from Chaetoceros microscopic images},
  author={Zheng, Haiyong and Zhao, Hongmiao and Sun, Xue and Gao, Huihui and Ji, Guangrong},
  journal={Microscopy research and technique},
  volume={77},
  number={9},
  pages={684--690},
  year={2014},
  publisher={Wiley Online Library}
}
@article{cortes1995support,
  title={Support-vector networks},
  author={Cortes, Corinna and Vapnik, Vladimir},
  journal={Machine learning},
  volume={20},
  number={3},
  pages={273--297},
  year={1995},
  publisher={Springer}
}
@inproceedings{rish2001empirical,
  title={An empirical study of the naive Bayes classifier},
  author={Rish, Irina},
  booktitle={IJCAI 2001 workshop on empirical methods in artificial intelligence},
  volume={3},
  number={22},
  pages={41--46},
  year={2001},
  organization={IBM New York}
}
@inproceedings{macqueen1967some,
  title={Some methods for classification and analysis of multivariate observations},
  author={MacQueen, James and others},
  booktitle={Proceedings of the fifth Berkeley symposium on mathematical statistics and probability},
  volume={1},
  number={14},
  pages={281--297},
  year={1967},
  organization={Oakland, CA, USA.}
}

